<record><leader>00000cas a22000007a 4500</leader><controlfield tag="001">18130976</controlfield><controlfield tag="008">880624d18781920nyuwr ne      0    0eng d</controlfield><datafield ind1=" " ind2=" " tag="010"><subfield code="a">sn 88074523 </subfield></datafield><datafield ind1=" " ind2=" " tag="040"><subfield code="a">NYS</subfield><subfield code="b">eng</subfield><subfield code="c">NYS</subfield><subfield code="d">OCLCQ</subfield></datafield><datafield ind1=" " ind2=" " tag="042"><subfield code="a">msc</subfield></datafield><datafield ind1="0" ind2=" " tag="130"><subfield code="a">Caledonia advertiser (Caledonia, N.Y. : 1878)</subfield></datafield><datafield ind1="1" ind2="4" tag="245"><subfield code="a">The Caledonia advertiser.</subfield></datafield><datafield ind1=" " ind2=" " tag="260"><subfield code="a">Caledonia, N.Y. :</subfield><subfield code="b">Beattie &amp; Collins,</subfield><subfield code="c">1878-1920.</subfield></datafield><datafield ind1=" " ind2=" " tag="300"><subfield code="a">43 v.</subfield></datafield><datafield ind1=" " ind2=" " tag="310"><subfield code="a">Weekly</subfield></datafield><datafield ind1="0" ind2=" " tag="362"><subfield code="a">Vol. 1, no. 1 (May 10, 1878)-v. 43, no. 19 (Sept. 2, 1920).</subfield></datafield><datafield ind1=" " ind2="4" tag="651"><subfield code="a">Caledonia (N.Y.)</subfield><subfield code="v">Newspapers.</subfield></datafield><datafield ind1=" " ind2="4" tag="651"><subfield code="a">Fowlerville (N.Y.)</subfield><subfield code="v">Newspapers.</subfield></datafield><datafield ind1=" " ind2="4" tag="651"><subfield code="a">Mumford (N.Y.)</subfield><subfield code="v">Newspapers.</subfield></datafield><datafield ind1=" " ind2="4" tag="651"><subfield code="a">Scottsville (N.Y.)</subfield><subfield code="v">Newspapers.</subfield></datafield><datafield ind1=" " ind2="4" tag="651"><subfield code="a">Wheatland (N.Y.)</subfield><subfield code="v">Newspapers.</subfield></datafield><datafield ind1=" " ind2=" " tag="752"><subfield code="a">United States</subfield><subfield code="b">New York</subfield><subfield code="c">Livingston</subfield><subfield code="d">Caledonia.</subfield></datafield><datafield ind1=" " ind2=" " tag="752"><subfield code="a">United States</subfield><subfield code="b">New York</subfield><subfield code="c">Livingston</subfield><subfield code="d">Fowlerville.</subfield></datafield><datafield ind1=" " ind2=" " tag="752"><subfield code="a">United States</subfield><subfield code="b">New York</subfield><subfield code="c">Monroe</subfield><subfield code="d">Mumford.</subfield></datafield><datafield ind1=" " ind2=" " tag="752"><subfield code="a">United States</subfield><subfield code="b">New York</subfield><subfield code="c">Monroe</subfield><subfield code="d">Scottsville.</subfield></datafield><datafield ind1=" " ind2=" " tag="752"><subfield code="a">United States</subfield><subfield code="b">New York</subfield><subfield code="c">Monroe</subfield><subfield code="d">Wheatland.</subfield></datafield><datafield ind1="0" ind2="7" tag="785"><subfield code="t">Caledonia era</subfield><subfield code="w">(DLC)sn 88074294</subfield><subfield code="w">(OCoLC)18395575</subfield></datafield><datafield ind1="0" ind2="7" tag="785"><subfield code="t">Caledonia advertiser and the Caledonia era and The Scottsville bee</subfield><subfield code="w">(DLC)sn 88074527</subfield><subfield code="w">(OCoLC)18132153</subfield></datafield></record>